<?xml version="1.0" encoding="UTF-8"?><record xmlns="http://www.loc.gov/MARC21/slim" xmlns:cinclude="http://apache.org/cocoon/include/1.0" xmlns:zs="http://www.loc.gov/zing/srw/">
  <leader>00491cz  a2200157n  4500</leader>
  <controlfield tag="001">n  82124103 </controlfield>
  <controlfield tag="003">DLC</controlfield>
  <controlfield tag="005">20141218072217.0</controlfield>
  <controlfield tag="008">821127n| azannaabn          |a aaa      </controlfield>
  <datafield tag="010" ind1=" " ind2=" ">
    <subfield code="a">n  82124103 </subfield>
  </datafield>
  <datafield tag="040" ind1=" " ind2=" ">
    <subfield code="a">DLC</subfield>
    <subfield code="b">eng</subfield>
    <subfield code="e">rda</subfield>
    <subfield code="c">DLC</subfield>
    <subfield code="d">DLC</subfield>
  </datafield>
  <datafield tag="046" ind1=" " ind2=" ">
    <subfield code="f">1904</subfield>
    <subfield code="g">1972</subfield>
  </datafield>
  <datafield tag="100" ind1="1" ind2=" ">
    <subfield code="a">Ferna휍혖ndez, Justino,</subfield>
    <subfield code="d">1904-1972</subfield>
  </datafield>
  <datafield tag="400" ind1="1" ind2=" ">
    <subfield code="a">Ferna휍혖ndez, J.</subfield>
    <subfield code="q">(Justino),</subfield>
    <subfield code="d">1904-1972</subfield>
  </datafield>
  <datafield tag="670" ind1=" " ind2=" ">
    <subfield code="a">Born, E. The new architecture in Mexico ... 1937.</subfield>
  </datafield>
  <datafield tag="670" ind1=" " ind2=" ">
    <subfield code="a">Information from 678 converted Dec. 18, 2014</subfield>
    <subfield code="b">(d. 12/12/72)</subfield>
  </datafield>
</record>